<?xml version="1.0" encoding="UTF-8"?><collection xmlns="http://www.loc.gov/MARC21/slim"><record><leader>00546nam--2200193-u-4500</leader><controlfield tag="001">000055056</controlfield><controlfield tag="002">20161230</controlfield><controlfield tag="005">20161230201052</controlfield><controlfield tag="008">121025s1000------------r-----000-0-ger-d</controlfield><datafield ind1=" " ind2=" " tag="040"><subfield code="a">IFIN-HH</subfield></datafield><datafield ind1=" " ind2=" " tag="041"><subfield code="a">ger</subfield></datafield><datafield ind1=" " ind2=" " tag="080"><subfield code="a">538.9(047.3)</subfield></datafield><datafield ind1="1" ind2=" " tag="110"><subfield code="a">Akademie Des Wissenschaften Der Ddr</subfield></datafield><datafield ind1="1" ind2="0" tag="245"><subfield code="a">Aus der arbeit des methodisch-diagnostischen zentrums im zfw</subfield></datafield><datafield ind1=" " ind2=" " tag="260"><subfield code="a">Dresden</subfield><subfield code="b">Akademie Des Wissenschaften</subfield><subfield code="c">1977</subfield></datafield><datafield ind1=" " ind2=" " tag="300"><subfield code="a">95P</subfield></datafield><datafield ind1=" " ind2=" " tag="490"><subfield code="a">Wissenschaftliche Berichte</subfield><subfield code="v">Nr.9</subfield></datafield><datafield ind1=" " ind2=" " tag="852"><subfield code="a">44756</subfield><subfield code="c">539.2</subfield></datafield><datafield ind1=" " ind2=" " tag="CAT"><subfield code="a">Sys</subfield><subfield code="c">20121025</subfield><subfield code="h">174921</subfield></datafield></record></collection>